
@article{cardoso_implantacao_2017,
	title = {Implantação do sistema de informação do {Programa} {Nacional} de {Imunizações} {Desktop}},
	volume = {19},
	issn = {2446-5410, 2175-3946},
	url = {http://periodicos.ufes.br/rbps/article/view/17718},
	doi = {10.21722/rbps.v19i1.17718},
	abstract = {-},
	number = {1},
	urldate = {2022-04-18},
	journal = {Revista Brasileira de Pesquisa em Saúde/Brazilian Journal of Health Research},
	author = {Cardoso, Werton dos Santos and Nascimento, Luciana de Cassia Nunes and Dias, Fernanda Moura Vargas},
	month = oct,
	year = {2017},
	pages = {59--64},
}

@article{sato_programa_2015,
	title = {Programa {Nacional} de {Imunização}: {Sistema} {Informatizado} como opção a novos desafios},
	volume = {49},
	issn = {0034-8910, 1518-8787},
	shorttitle = {Programa {Nacional} de {Imunização}},
	url = {http://www.scielo.br/j/rsp/a/Krp7JtDpWBGB4PPKgVwpffw/?lang=pt},
	doi = {10.1590/S0034-8910.2015049005925},
	abstract = {The scope and coverage of the Brazilian Immunization Program can be compared with those in developed countries because it provides a large number of vaccines and has a considerable coverage. The increasing complexity of the program brings challenges regarding its development, high coverage levels, access equality, and safety. The Immunization Information System, with nominal data, is an innovative tool that can more accurately monitor these indicators and allows the evaluation of the impact of new vaccination strategies. The main difficulties for such a system are in its implementation process, training of professionals, mastering its use, its constant maintenance needs and ensuring the information contained remain confidential. Therefore, encouraging the development of this tool should be part of public health policies and should also be involved in the three spheres of government as well as the public and private vaccination services.},
	language = {pt},
	urldate = {2022-03-31},
	journal = {Revista de Saúde Pública},
	author = {Sato, Ana Paula Sayuri},
	month = jul,
	year = {2015},
	note = {Publisher: Faculdade de Saúde Pública da Universidade de São Paulo},
	keywords = {Cobertura Vacinal, Programas de Imunização, Registros Eletrônicos de Saúde, Sistemas Computadorizados de Registros Médicos},
}

@article{temporao_o_2003,
	title = {O {Programa} {Nacional} de {Imunizações} ({PNI}): origens e desenvolvimento},
	volume = {10},
	issn = {0104-5970},
	shorttitle = {O {Programa} {Nacional} de {Imunizações} ({PNI})},
	url = {http://www.scielo.br/scielo.php?script=sci_arttext&pid=S0104-59702003000500008&lng=pt&tlng=pt},
	doi = {10.1590/S0104-59702003000500008},
	abstract = {Este artigo tem por objeto apresentar e discutir os aspectos centrais envolvidos na trajetória do Programa Nacional de Imunizações (PNI) em suas relações com a dinâmica das políticas setoriais. Herdeiro das experiências exitosas do passado, mas concebido em momento completamente distinto, o PNI segue o sucesso da Campanha de Erradicação da Varíola e abre uma nova etapa na história das políticas públicas no campo da prevenção. O PNI passará a articular sob um único comando um conjunto de práticas anteriormente dispersas em vários órgãos e instâncias de governo. O processo de concepção, estruturação e desenvolvimento do PNI, ao interior das políticas desenvolvidos pelo Estado no campo da saúde é abordado. Seus principais determinantes, atores institucionais e conflitos políticos e ideológicos derivados de sua implementação, são ressaltados. O sucesso obtido em sua implementação é considerado como um importante componente do processo de estruturação de um mercado de vacinas no Brasil.
          , 
            The article discusses the central aspects of the trajectory of the National Immunization Program as regards the dynamics of sectoral policy. Heir to successful experiences of the past yet conceived at an entirely different moment, the Program followed the triumphant Campaign to Eradicate Smallpox and inaugurated a new phase in the history of public policy in the field of prevention. Under one sole command, the Program came to articulate a set of practices that had previously been spread across a number of government agencies and jurisdictions. The article examines the process by which the Program was conceived, structured, and developed within government health policy, and also underscores the main determinants of this policy, its institutional actors, and the political and ideological conflicts born of its implementation, whose success was an important component in the structuring of a vaccine market in Brazil.},
	language = {pt},
	number = {suppl 2},
	urldate = {2022-03-31},
	journal = {História, Ciências, Saúde-Manguinhos},
	author = {Temporão, José Gomes},
	year = {2003},
	pages = {601--617},
}

@article{harzheim_bases_2020,
	title = {Bases para a reforma da {Atenção} {Primária} à {Saúde} no {Brasil} em 2019 : mudanças estruturantes após 25 anos do {Programa} de {Saúde} da {Família}},
	copyright = {Open Access},
	issn = {1809-5909},
	shorttitle = {Bases para a reforma da {Atenção} {Primária} à {Saúde} no {Brasil} em 2019},
	url = {https://lume.ufrgs.br/handle/10183/212761},
	abstract = {O ano de 2019 marcou a estruturação das bases para uma profunda reforma na Atenção Primária à Saúde (APS) do Brasil. Os desafios enfrentados através dessa reforma foram a falta de priorização política real da APS, o financiamento insuficiente da APS e focado na estrutura de serviços, os obstáculos ao acesso de primeiro contato, a escassez de profissionais qualificados, a necessidade de maior informatização da APS e a ausência de integração de dados clínicos, a fragilidade clínica e necessidade de ampliação do escopo profissional e a falta de informação de qualidade para tomada de decisão clínica e gerencial. Com ações direcionadas a cada um desses desafios, a Secretaria de Atenção Primária à Saúde do Ministério da Saúde criou estratégias sistêmicas e integradas entre si que representam mudanças estruturantes e investimentos em governança clínica para transformar a APS brasileira, garantindo mais e melhor saúde para a população, com mecanismos transparentes e técnicos para seu financiamento, organização, oferta, monitoramento e avaliação.},
	language = {por},
	urldate = {2022-03-27},
	author = {Harzheim, Erno and Santos, Caroline Martins dos and D'Avila, Otávio Pereira and Wollmann, Lucas and Pinto, Luiz Felipe da Silva},
	year = {2020},
	note = {Accepted: 2020-08-08T03:46:18Z},
}

@article{lima_os_2020,
	title = {Os impactos da mudança do perfil epidemiológico do sarampo no {Brasil}/ {The} impacts of changing the epidemiologic profile of measles in {Brazil}},
	volume = {3},
	copyright = {Copyright (c) 2020 Brazilian Journal of Health Review},
	issn = {2595-6825},
	url = {https://www.brazilianjournals.com/index.php/BJHR/article/view/11258},
	doi = {10.34119/bjhrv3n3-155},
	abstract = {Este artigo apresenta um trabalho de pesquisa descritiva e de revisão bibliográfica que tem como objetivo fornecer informações sobre a recidiva do sarampo no Brasil. Essa doença pertence ao grupo das afecções infectocontagiosas e, mesmo havendo uma vacina segura e eficaz para preveni-la, representa uma das principais causas de morte entre crianças pequenas. O aumento recente no número de casos foi estabelecido devido ao êxodo dos venezuelanos para o país e à baixa abrangência vacinal. O sarampo é uma doença humana grave, altamente contagiosa e de disseminação viral que normalmente é transmitida por contato direto e pelo ar. O surto desta doença no Brasil se deve às dificuldades presentes na hora da imunização, principalmente dos grupos marginalizados, e aos imigrantes venezuelanos que se refugiaram no Brasil fugindo da crise política instada em seu país.},
	language = {pt},
	number = {3},
	urldate = {2022-03-19},
	journal = {Brazilian Journal of Health Review},
	author = {Lima, Gabriela Teixeira and Brito, Ariel Gomes de and Vargas, Giovanna Luisa Martins and Ferreira, Julia Dornelas and Silva, Priscilla Itatianny de Oliveira and Segundo, Jilson Teixeira Magalhães and Couto, Bruna Campos},
	month = jun,
	year = {2020},
	note = {Number: 3},
	keywords = {Recidiva, Sarampo, Vacinação., Venezuelanos},
	pages = {5973--5981},
}

@misc{ noauthor_sis_2017,
	title = {Sistema unico de saúde},
	author = {UFF},
	url = {https://web.archive.org/web/20170216130642/http://www.uff.br/psienf/sis.htm},
	urldate = {2022-03-19},
	month = feb,
	year = {2017},
}

@book{paim_o_2009,
	title = {O que é o {SUS}},
	isbn = {978-85-7541-342-5},
	abstract = {A luta pelo direito à saúde e pela consolidação do Sistema Único de Saúde (SUS) brasileiro tem se expressado a partir da articulação de trabalhadores dos campos da saúde, pesquisadores e militantes dos movimentos sociais nas duas últimas décadas. Este livro busca esclarecer o que é, o que não é, o que faz, o que deve fazer e o que pode fazer o SUS. É destinado a todos que estão na luta por uma saúde pública de qualidade, aos trabalhadores do SUS, estudantes, pesquisadores, militantes de movimentos sociais e a sociedade em geral.},
	language = {pt-BR},
	publisher = {SciELO - Editora FIOCRUZ},
	author = {Paim, Jairnilson},
	month = jan,
	year = {2009},
	note = {Google-Books-ID: 5unrAgAAQBAJ},
	keywords = {Medical / Administration},
}

@article{gianfredi_countering_2019,
	title = {Countering vaccine hesitancy through immunization information systems, a narrative review},
	volume = {15},
	issn = {2164-5515},
	url = {https://www-tandfonline.ez54.periodicos.capes.gov.br/doi/full/10.1080/21645515.2019.1599675},
	doi = {10.1080/21645515.2019.1599675},
	abstract = {Immunization is one of the most important public health interventions to contrast infectious disease; however, many people nowadays refuse vaccination. Vaccine hesitancy (VH) is due to several factors that influence the complex decision-making process. Information technology tools might play an important role in vaccination programs. In particular, immunization information systems (IISs) have the potential to improve performance of vaccination programs and to increase vaccine uptake. This review aimed to present IIS functionalities in order to counter VH. In detail, we analyzed the automatic reminder/recall system, the interoperability of the system, the decision support system, the web page interface and the possibility to record adverse events following immunization. IIS could concretely represent a valid instrument to increase vaccine confidence, especially trust in both health-care workers and decision makers. There are not enough trials aimed to evaluate the efficacy of IIS to counter VH. Further researches might focalize on this aspect.},
	number = {11},
	urldate = {2021-10-25},
	author = {Gianfredi, Vincenza and Moretti, Massimo and Lopalco, Pier Luigi},
	month = nov,
	year = {2019},
	note = {Publisher: Taylor \& Francis},
	keywords = {automatic reminder, Immunization information system, vaccine, vaccine confidence, vaccine hesitancy, vaccines refuser},
	pages = {2508--2526},
	file = {Full Text PDF:files/19/Gianfredi et al. - 2019 - Countering vaccine hesitancy through immunization .pdf:application/pdf},
}

@article{macdonald_vaccine_2015,
	series = {{WHO} {Recommendations} {Regarding} {Vaccine} {Hesitancy}},
	title = {Vaccine hesitancy: {Definition}, scope and determinants},
	volume = {33},
	issn = {0264-410X},
	shorttitle = {Vaccine hesitancy},
	url = {https://www.sciencedirect.com/science/article/pii/S0264410X15005009},
	doi = {10.1016/j.vaccine.2015.04.036},
	abstract = {The SAGE Working Group on Vaccine Hesitancy concluded that vaccine hesitancy refers to delay in acceptance or refusal of vaccination despite availability of vaccination services. Vaccine hesitancy is complex and context specific, varying across time, place and vaccines. It is influenced by factors such as complacency, convenience and confidence. The Working Group retained the term ‘vaccine’ rather than ‘vaccination’ hesitancy, although the latter more correctly implies the broader range of immunization concerns, as vaccine hesitancy is the more commonly used term. While high levels of hesitancy lead to low vaccine demand, low levels of hesitancy do not necessarily mean high vaccine demand. The Vaccine Hesitancy Determinants Matrix displays the factors influencing the behavioral decision to accept, delay or reject some or all vaccines under three categories: contextual, individual and group, and vaccine/vaccination-specific influences.},
	language = {en},
	number = {34},
	urldate = {2022-02-05},
	journal = {Vaccine},
	author = {MacDonald, Noni E.},
	year = {2015},
	keywords = {Hesitancy determinants, Hesitancy determinants matrix, Vaccination hesitancy, Vaccine hesitancy, WHO},
	pages = {4161--4164},
}

@article{bragazzi_how_2017,
	title = {How often people google for vaccination: {Qualitative} and quantitative insights from a systematic search of the web-based activities using {Google} {Trends}},
	copyright = {© 2017 Taylor \& Francis},
	issn = {2164-5515},
	shorttitle = {How often people google for vaccination},
	url = {https://www.tandfonline.com/doi/full/10.1080/21645515.2017.1264742},
	abstract = {Nowadays, more and more people surf the Internet seeking health-related information. Information and communication technologies (ICTs) can represent an important opportunities in the field of Publi...},
	language = {en},
	urldate = {2021-10-25},
	journal = {Human Vaccines \& Immunotherapeutics},
	author = {Bragazzi, Nicola Luigi and Barberis, Ilaria and Rosselli, Roberto and Gianfredi, Vincenza and Nucci, Daniele and Moretti, Massimo and Salvatori, Tania and Martucci, Gianfranco and Martini, Mariano},
	month = jan,
	year = {2017},
	note = {Publisher: Taylor \& Francis},
}

@article{puri_social_2020,
	title = {Social media and vaccine hesitancy: new updates for the era of {COVID}-19 and globalized infectious diseases},
	volume = {16},
	issn = {2164-5515},
	shorttitle = {Social media and vaccine hesitancy},
	url = {https://doi.org/10.1080/21645515.2020.1780846},
	doi = {10.1080/21645515.2020.1780846},
	abstract = {Despite major advances in vaccination over the past century, resurgence of vaccine-preventable illnesses has led the World Health Organization to identify vaccine hesitancy as a major threat to global health. Vaccine hesitancy may be fueled by health information obtained from a variety of sources, including new media such as the Internet and social media platforms. As access to technology has improved, social media has attained global penetrance. In contrast to traditional media, social media allow individuals to rapidly create and share content globally without editorial oversight. Users may self-select content streams, contributing to ideological isolation. As such, there are considerable public health concerns raised by anti-vaccination messaging on such platforms and the consequent potential for downstream vaccine hesitancy, including the compromise of public confidence in future vaccine development for novel pathogens, such as SARS-CoV-2 for the prevention of COVID-19. In this review, we discuss the current position of social media platforms in propagating vaccine hesitancy and explore next steps in how social media may be used to improve health literacy and foster public trust in vaccination.},
	number = {11},
	urldate = {2022-03-01},
	journal = {Human Vaccines \& Immunotherapeutics},
	author = {Puri, Neha and Coomes, Eric A. and Haghbayan, Hourmazd and Gunaratne, Keith},
	month = nov,
	year = {2020},
	pmid = {32693678},
	note = {Publisher: Taylor \& Francis
\_eprint: https://doi.org/10.1080/21645515.2020.1780846},
	keywords = {COVID-19, Facebook, Twitter, Vaccine hesitancy, anti-vaccine movement, medicine and media, social media, vaccination},
	pages = {2586--2593},
}

@article{tripp_pesquisa-cao_2005,
	title = {Pesquisa-ação: uma introdução metodológica},
	volume = {31},
	issn = {1517-9702},
	shorttitle = {Pesquisa-ação},
	url = {http://www.scielo.br/scielo.php?script=sci_arttext&pid=S1517-97022005000300009&lng=pt&tlng=pt},
	doi = {10.1590/S1517-97022005000300009},
	abstract = {As a result of its greatly increased in popularity and range of application, action research has now become a loosely applied term for any kind of attempt to improve or investigate practice. In view of the confusion that frequently arises from this, the main aim of this author is to clarify the term. After a brief history of the method, the makes a case for regarding action research as one of a number of different forms of action inquiry which he briefly defines as any ongoing, systematic, empirically based attempt to improve practice. The author them discusses the role of theory in action research before describing what he sees as the distinguishing characteristics of the process. Next, a more detailed examination of the action research cycle is prefaced by an account of the way in which action research stands between routine practice and academic research. The author then moves on to discuss some common issues with the method, such participation, the role of reflection, the need for knowledge management, and the ethics of the process. The last part of the paper covers five different ‘modes’ of action research, and it concludes with an outline of the structure of an action research dissertation.},
	language = {pt},
	number = {3},
	urldate = {2022-04-08},
	journal = {Educação e Pesquisa},
	author = {Tripp, David},
	month = dec,
	year = {2005},
	pages = {443--466},
}

@misc{noauthor_ten_nodate,
    author = {WHO},
	title = {Ten threats to global health in 2019},
	url = {https://www.who.int/news-room/spotlight/ten-threats-to-global-health-in-2019},
	abstract = {The world is facing multiple health challenges. Here are 10 of the issues that will demand attention from WHO and health partners in 2019.},
	language = {en},
	urldate = {2022-03-01},
}
